@inproceedings{perl-dos,
  author = {Crosby, Scott A. and Wallach, Dan S.},
  title = {Denial of Service via Algorithmic Complexity Attacks},
  booktitle = {Proceedings of the 12th Conference on USENIX Security Symposium - Volume 12},
  series = {SSYM'03},
  year = {2003},
  location = {Washington, DC},
  pages = {3--3},
  numpages = {1},
  url = {http://dl.acm.org/citation.cfm?id=1251353.1251356},
  acmid = {1251356},
  publisher = {USENIX Association},
  address = {Berkeley, CA, USA},
}

@incollection{siphash,
  year={2012},
  isbn={978-3-642-34930-0},
  booktitle={Progress in Cryptology - INDOCRYPT 2012},
  volume={7668},
  series={Lecture Notes in Computer Science},
  editor={Galbraith, Steven and Nandi, Mridul},
  doi={10.1007/978-3-642-34931-7_28},
  title={SipHash: A Fast Short-Input PRF},
  url={http://dx.doi.org/10.1007/978-3-642-34931-7_28},
  publisher={Springer Berlin Heidelberg},
  author={Aumasson, Jean-Philippe and Bernstein, DanielJ.},
  pages={489-508},
  language={English}
}

@CONFERENCE {murmur-dos,
    author    = "Aumasson, Jean-Philippe and Bernstein, Daniel J. and Boßlet, Martin",
    title     = "Hash-flooding DoS reloaded: attacks and defenses",
    booktitle = "29th Chaos Communications Congress",
    year      = "2012"
}

@CONFERENCE {web-dos,
    author    = "Klink, Alexander and Wälde, Julian",
    title     = "Efficient Denial of Service Attacks on Web Application Platforms",
    booktitle = "28th Chaos Communication Congress",
    year      = "2011"
}

@URL {rust-source,
    author = "https://github.com/rust-lang/rust/tree/master/src/libstd/collections/hashmap",
    year   = "2014"
}

@URL {xxhash,
    author = "https://code.google.com/p/xxhash/",
    year   = "2014"
}